<collection xmlns="http://www.loc.gov/MARC21/slim">
<record>
  <leader>00468na 0a22001211i 450 </leader>
  <controlfield tag="001">IT\ICCU\CNCE\068937</controlfield>
  <controlfield tag="005">20061129000000.0</controlfield>
  <datafield tag="100" ind1=" " ind2=" ">
    <subfield code="a">20061129             0itac0103    ba</subfield>
  </datafield>
  <datafield tag="101" ind1=" " ind2=" ">
    <subfield code="a">ITA</subfield>
  </datafield>
  <datafield tag="200" ind1="1" ind2=" ">
    <subfield code="a">℗Di Onofrio Panuinio veronese augustiniano. Le ℗sette chiese principali di Roma. Tradotte da m. Marco Antonio Lanfranchi</subfield>
  </datafield>
  <datafield tag="700" ind1=" " ind2="1">
    <subfield code="a">Panvinio,</subfield>
    <subfield code="b">Onofrio</subfield>
    <subfield code="3">IT\ICCU\CNCA\003137</subfield>
  </datafield>
  <datafield tag="790" ind1=" " ind2="1">
    <subfield code="a">Panvinius,</subfield>
    <subfield code="b">Onuphrius</subfield>
    <subfield code="3">IT\ICCU\CNCA\014680</subfield>
    <subfield code="z">Panvinio, Onofrio</subfield>
  </datafield>
  <datafield tag="801" ind1=" " ind2="3">
    <subfield code="a">IT</subfield>
    <subfield code="b">ICCU</subfield>
    <subfield code="c">20201115</subfield>
  </datafield>
</record>
</collection>
